@article{cap2000theorem,
  title     = {Towards robust distributed systems},
  author    = {Brewer, Eric A.},
  journal   = {Proceedings of the nineteenth annual ACM symposium on Principles of distributed computing},
  pages     = {7--10},
  year      = {2000},
  publisher = {ACM},
  note      = {Acessado em: 06 set. 2025.}
}

@book{cisco2019networking,
  author    = {Cisco Networking Academy},
  title     = {Introduction to Networks Course Booklet},
  publisher = {Cisco Press},
  year      = {2019},
  edition   = {7},
  pages     = {584},
  note      = {Acessado em: 06 set. 2025.}
}

@book{coulouris2013sistemas,
  title     = {Sistemas Distribuídos: Conceitos e Projeto},
  author    = {Coulouris, George and Dollimore, Jean and Kindberg, Tim and Blair, Gordon},
  publisher = {Bookman},
  address   = {Porto Alegre},
  edition   = {5},
  year      = {2013},
  pages     = {1064},
  note      = {Acessado em: 06 set. 2025.}
}

@book{kurose2021redes,
  author    = {Kurose, James F. and Ross, Keith W.},
  title     = {Redes de Computadores e a Internet: Uma Abordagem Top-Down},
  publisher = {Pearson},
  address   = {São Paulo},
  edition   = {8},
  year      = {2021},
  pages     = {864},
  note      = {Acessado em: 06 set. 2025.}
}

@article{lamport1978time,
  title     = {Time, clocks, and the ordering of events in a distributed system},
  author    = {Lamport, Leslie},
  journal   = {Communications of the ACM},
  volume    = {21},
  number    = {7},
  pages     = {558--565},
  year      = {1978},
  publisher = {ACM},
  note      = {Acessado em: 06 set. 2025.}
}

@book{oliveira_SO2009,
  author    = {Oliveira, R{\^o}mulo Silva de and CARISSIMI, Alexandre da S. and TOSCANI, Sim{\~a}o S.},
  title     = {Sistemas Operacionais},
  publisher = {UFRGS},
  year      = {2009},
  volume    = {4 ed},
  pages     = {370},
  url       = {https://integrada.minhabiblioteca.com.br/#/books/9788577806874/},
  note      = {Acessado em : 09 mar. 2023.}
}

@misc{rfc793:1981,
  author       = {Postel, Jon},
  title        = {RFC 793: Transmission Control Protocol},
  year         = {1981},
  organization = {Internet Engineering Task Force},
  url          = {https://tools.ietf.org/rfc/rfc793.txt},
  note         = {Acessado em: 06 set. 2025.}
}

 @book{tanenbaum2016sistemas,
  author    = {Tanenbaum, Andrew S. and Van Steen, Maarten},
  title     = {Sistemas Distribuídos: Princípios e Paradigmas},
  publisher = {Pearson},
  address   = {São Paulo},
  edition   = {2},
  year      = {2016},
  pages     = {672},
  note      = {Acessado em: 06 set. 2025.}
}
